@Manual{R-base,
  title = {R: A Language and Environment for Statistical Computing},
  author = {{R Core Team}},
  organization = {R Foundation for Statistical Computing},
  address = {Vienna, Austria},
  year = {2020},
  url = {https://www.R-project.org/},
}
@Manual{R-papaja,
  author = {Frederik Aust and Marius Barth},
  title = {{papaja}: {Create} {APA} manuscripts with {R Markdown}},
  year = {2020},
  note = {R package version 0.1.0.9997},
  url = {https://github.com/crsh/papaja},
}
@Manual{R-citr,
  title = {citr: 'RStudio' Add-in to Insert Markdown Citations},
  author = {Frederik Aust},
  year = {2019},
  note = {R package version 0.3.2},
  url = {https://CRAN.R-project.org/package=citr},
}
@Manual{R-devtools,
  title = {devtools: Tools to Make Developing R Packages Easier},
  author = {Hadley Wickham and Jim Hester and Winston Chang},
  year = {2020},
  note = {R package version 2.3.2},
  url = {https://CRAN.R-project.org/package=devtools},
}
@Manual{R-dplyr,
  title = {dplyr: A Grammar of Data Manipulation},
  author = {Hadley Wickham and Romain François and Lionel {
             Henry} and Kirill Müller},
  year = {2020},
  note = {R package version 1.0.2},
  url = {https://CRAN.R-project.org/package=dplyr},
}
@Manual{R-egg,
  title = {egg: Extensions for 'ggplot2': Custom Geom, Custom Themes, Plot
Alignment, Labelled Panels, Symmetric Scales, and Fixed Panel
Size},
  author = {Baptiste Auguie},
  year = {2019},
  note = {R package version 0.4.5},
  url = {https://CRAN.R-project.org/package=egg},
}
@Manual{R-forcats,
  title = {forcats: Tools for Working with Categorical Variables (Factors)},
  author = {Hadley Wickham},
  year = {2020},
  note = {R package version 0.5.0},
  url = {https://CRAN.R-project.org/package=forcats},
}
@Book{R-ggplot2,
  author = {Hadley Wickham},
  title = {ggplot2: Elegant Graphics for Data Analysis},
  publisher = {Springer-Verlag New York},
  year = {2016},
  isbn = {978-3-319-24277-4},
  url = {https://ggplot2.tidyverse.org},
}
@Manual{R-gridExtra,
  title = {gridExtra: Miscellaneous Functions for "Grid" Graphics},
  author = {Baptiste Auguie},
  year = {2017},
  note = {R package version 2.3},
  url = {https://CRAN.R-project.org/package=gridExtra},
}
@Manual{R-kableExtra,
  title = {kableExtra: Construct Complex Table with 'kable' and Pipe Syntax},
  author = {Hao Zhu},
  year = {2020},
  note = {R package version 1.3.1},
  url = {https://CRAN.R-project.org/package=kableExtra},
}
@Manual{R-magick,
  title = {magick: Advanced Graphics and Image-Processing in R},
  author = {Jeroen Ooms},
  year = {2020},
  note = {R package version 2.5.2},
  url = {https://CRAN.R-project.org/package=magick},
}
@Manual{R-purrr,
  title = {purrr: Functional Programming Tools},
  author = {Lionel Henry and Hadley Wickham},
  year = {2020},
  note = {R package version 0.3.4},
  url = {https://CRAN.R-project.org/package=purrr},
}
@Manual{R-readr,
  title = {readr: Read Rectangular Text Data},
  author = {Hadley Wickham and Jim Hester},
  year = {2020},
  note = {R package version 1.4.0},
  url = {https://CRAN.R-project.org/package=readr},
}
@Manual{R-stringr,
  title = {stringr: Simple, Consistent Wrappers for Common String Operations},
  author = {Hadley Wickham},
  year = {2019},
  note = {R package version 1.4.0},
  url = {https://CRAN.R-project.org/package=stringr},
}
@Manual{R-tibble,
  title = {tibble: Simple Data Frames},
  author = {Kirill Müller and Hadley Wickham},
  year = {2020},
  note = {R package version 3.0.4},
  url = {https://CRAN.R-project.org/package=tibble},
}
@Manual{R-tidyr,
  title = {tidyr: Tidy Messy Data},
  author = {Hadley Wickham},
  year = {2020},
  note = {R package version 1.1.2},
  url = {https://CRAN.R-project.org/package=tidyr},
}
@Article{R-tidyverse,
  title = {Welcome to the {tidyverse}},
  author = {Hadley Wickham and Mara Averick and Jennifer Bryan and Winston Chang and Lucy D'Agostino McGowan and Romain François and Garrett Grolemund and Alex Hayes and Lionel Henry and Jim Hester and Max Kuhn and Thomas Lin Pedersen and Evan Miller and Stephan Milton Bache and Kirill Müller and Jeroen Ooms and David Robinson and Dana Paige Seidel and Vitalie Spinu and Kohske Takahashi and Davis Vaughan and Claus Wilke and Kara Woo and Hiroaki Yutani},
  year = {2019},
  journal = {Journal of Open Source Software},
  volume = {4},
  number = {43},
  pages = {1686},
  doi = {10.21105/joss.01686},
}
@Manual{R-usethis,
  title = {usethis: Automate Package and Project Setup},
  author = {Hadley Wickham and Jennifer Bryan},
  year = {2020},
  note = {R package version 2.0.0},
  url = {https://CRAN.R-project.org/package=usethis},
}
@Article{R-countrycode,
  title = {countrycode: An R package to convert country names and country codes},
  author = {Vincent Arel-Bundock and Nils Enevoldsen and CJ Yetman},
  journal = {Journal of Open Source Software},
  year = {2018},
  volume = {3},
  number = {28},
  pages = {848},
  url = {https://doi.org/10.21105/joss.00848},
}
@Book{R-lattice,
  title = {Lattice: Multivariate Data Visualization with R},
  author = {Deepayan Sarkar},
  publisher = {Springer},
  address = {New York},
  year = {2008},
  note = {ISBN 978-0-387-75968-5},
  url = {http://lmdvr.r-forge.r-project.org},
}
@Manual{R-permute,
  title = {permute: Functions for Generating Restricted Permutations of Data},
  author = {Gavin L. Simpson},
  year = {2019},
  note = {R package version 0.9-5},
  url = {https://CRAN.R-project.org/package=permute},
}
@Article{R-reshape,
  author = {Hadley Wickham},
  journal = {Journal of Statistical Software},
  number = {12},
  title = {Reshaping data with the reshape package},
  url = {http://www.jstatsoft.org/v21/i12/paper},
  volume = {21},
  year = {2007},
}
@Manual{R-shiny,
  title = {shiny: Web Application Framework for R},
  author = {Winston Chang and Joe Cheng and JJ Allaire and Yihui Xie and Jonathan McPherson},
  year = {2020},
  note = {R package version 1.5.0},
  url = {https://CRAN.R-project.org/package=shiny},
}
@Manual{R-vegan,
  title = {vegan: Community Ecology Package},
  author = {Jari Oksanen and F. Guillaume Blanchet and Michael Friendly and Roeland Kindt and Pierre Legendre and Dan McGlinn and Peter R. Minchin and R. B. O'Hara and Gavin L. Simpson and Peter Solymos and M. Henry H. Stevens and Eduard Szoecs and Helene Wagner},
  year = {2020},
  note = {R package version 2.5-7},
  url = {https://CRAN.R-project.org/package=vegan},
}
